
@article{JouganousEtAl2017,
  title = {Inferring the Joint Demographic History of Multiple Populations: Beyond the Diffusion Approximation},
  shorttitle = {Inferring the Joint Demographic History of Multiple Populations},
  author = {Jouganous, Julien and Long, Will and Ragsdale, Aaron P. and Gravel, Simon},
  year = {2017},
  month = jul,
  volume = {206},
  pages = {1549--1567},
  issn = {0016-6731, 1943-2631},
  doi = {10.1534/genetics.117.200493},
  copyright = {Copyright \textcopyright{} 2017 by the Genetics Society of America},
  journal = {Genetics},
  keywords = {demographic inference,diffusion approximation,joint allele frequency spectrum,moments equations},
  language = {en},
  number = {3},
  pmid = {28495960}
}

@article{NelsonEtAl2019,
  title = {Coupling Wright-Fisher and Coalescent Dynamics for Realistic Simulation of Population-Scale Datasets},
  author = {Nelson, Dominic and Kelleher, Jerome and Ragsdale, Aaron P. and McVean, Gil and Gravel, Simon},
  year = {2019},
  month = jun,
  pages = {674440},
  doi = {10.1101/674440},
  journal = {bioRxiv},
  language = {en}
}

@article{ONeill2019,
  title = {The Classical Occupancy Distribution: Computation and Approximation},
  shorttitle = {The Classical Occupancy Distribution},
  author = {O'Neill, Ben},
  year = {2019},
  month = dec,
  pages = {1--12},
  issn = {0003-1305},
  doi = {10.1080/00031305.2019.1699445},
  journal = {The American Statistician}
}

@article{BhaskarEtAl2014,
  title = {Distortion of Genealogical Properties When the Sample Is Very Large},
  author = {Bhaskar, Anand and Clark, Andrew G. and Song, Yun S.},
  year = {2014},
  month = feb,
  volume = {111},
  pages = {2385--2390},
  issn = {0027-8424, 1091-6490},
  doi = {10.1073/pnas.1322709111},
  journal = {Proceedings of the National Academy of Sciences},
  language = {en},
  number = {6},
  pmid = {24469801}
}

@article{GutenkunstEtAl2009,
  title = {Inferring the Joint Demographic History of Multiple Populations from Multidimensional SNP Frequency Data},
  author = {Gutenkunst, Ryan N. and Hernandez, Ryan D. and Williamson, Scott H. and Bustamante, Carlos D.},
  year = {2009},
  month = oct,
  volume = {5},
  pages = {e1000695},
  issn = {1553-7404},
  doi = {10.1371/journal.pgen.1000695},
  journal = {PLOS Genetics},
  keywords = {Africa,Alleles,Approximation methods,Europe,Genetic polymorphism,Paleogenetics,Population genetics,Simulation and modeling},
  language = {en},
  number = {10}
}

@article{KimuraCrow1964,
  title = {The Number of Alleles That Can Be Maintained in a Finite Population},
  author = {Kimura, Motoo and Crow, James F.},
  year = {1964},
  month = apr,
  volume = {49},
  pages = {725--738},
  issn = {0016-6731, 1943-2631},
  journal = {Genetics},
  language = {en},
  number = {4},
  pmid = {14156929}
}

@article{Ewens1972,
  title = {The Sampling Theory of Selectively Neutral Alleles},
  author = {Ewens, W. J.},
  year = {1972},
  month = mar,
  volume = {3},
  pages = {87--112},
  issn = {0040-5809},
  doi = {10.1016/0040-5809(72)90035-4},
  journal = {Theoretical Population Biology},
  number = {1}
}

@article{KammEtAl2017,
  title = {Efficient Computation of the Joint Sample Frequency Spectra for Multiple Populations},
  author = {Kamm, John A. and Terhorst, Jonathan and Song, Yun S.},
  year = {2017},
  month = jan,
  volume = {26},
  pages = {182--194},
  issn = {1061-8600},
  doi = {10.1080/10618600.2016.1159212},
  journal = {Journal of Computational and Graphical Statistics},
  keywords = {Coalescent,Demographic inference,Population genetics,Sum–product algorithm},
  number = {1}
}

@article{DonnellyKurtz1999,
  title = {Particle Representations for Measure-Valued Population Models},
  author = {Donnelly, Peter and Kurtz, Thomas G.},
  year = {1999},
  month = jan,
  volume = {27},
  pages = {166--205},
  issn = {0091-1798, 2168-894X},
  doi = {10.1214/aop/1022677258},
  journal = {The Annals of Probability},
  keywords = {coalescent,conditioning,Dawson-Watanabe process,exchangeability,Fleming-Viot process,genealogical processes,historical process,measure-valued diffusion,superprocess},
  language = {en},
  mrnumber = {MR1681126},
  number = {1},
  zmnumber = {0956.60081}
}

@article{DonnellyKurtz1999a,
  author = "Donnelly, Peter and Kurtz, Thomas G.",
  doi = "10.1214/aoap/1029962866",
  fjournal = "Annals of Applied Probability",
  journal = "Ann. Appl. Probab.",
  month = "11",
  number = "4",
  pages = "1091--1148",
  publisher = "The Institute of Mathematical Statistics",
  title = "Genealogical processes for Fleming-Viot models with selection and recombination",
  url = "https://doi.org/10.1214/aoap/1029962866",
  volume = "9",
  year = "1999"
}

@article{Gravel2016,
  author = {Gravel, Simon and NHLBI GO Exome Sequencing Project},
  title = {Predicting Discovery Rates of Genomic Features},
  volume = {197},
  number = {2},
  pages = {601--610},
  year = {2014},
  doi = {10.1534/genetics.114.162149},
  publisher = {Genetics},
  issn = {0016-6731},
  URL = {https://www.genetics.org/content/197/2/601},
  eprint = {https://www.genetics.org/content/197/2/601.full.pdf},
  journal = {Genetics}
}

@article{Wright1931,
  title = {Evolution in Mendelian Populations},
  author = {Wright, Sewall},
  year = {1931},
  month = mar,
  volume = {16},
  pages = {97--159},
  issn = {0016-6731},
  journal = {Genetics},
  number = {2},
  pmcid = {PMC1201091},
  pmid = {17246615}
}

@article{GriffithsMarjoram1996,
  title = {Ancestral Inference from Samples of DNA Sequences with Recombination},
  author = {Griffiths, R.c. and Marjoram, P.},
  year = {1996},
  month = jan,
  volume = {3},
  pages = {479--502},
  doi = {10.1089/cmb.1996.3.479},
  journal = {Journal of Computational Biology},
  number = {4}
}

@article{KroneNeuhauser1997,
  title = {Ancestral Processes with Selection},
  author = {Krone, Stephen M and Neuhauser, Claudia},
  year = {1997},
  month = jun,
  volume = {51},
  pages = {210--237},
  issn = {0040-5809},
  doi = {10.1006/tpbi.1997.1299},
  journal = {Theoretical Population Biology},
  number = {3}
}

@article{Krukov2016,
  author = {Krukov, Ivan and de Sanctis, Bianca and de Koning, A P Jason },
  title = "{Wright–Fisher exact solver (WFES): scalable analysis of population genetic models without simulation or diffusion theory}",
  journal = {Bioinformatics},
  volume = {33},
  number = {9},
  pages = {1416-1417},
  year = {2016},
  month = {12},
  issn = {1367-4803},
  doi = {10.1093/bioinformatics/btw802},
  url = {https://doi.org/10.1093/bioinformatics/btw802},
  eprint = {https://academic.oup.com/bioinformatics/article-pdf/33/9/1416/25151296/btw802.pdf},
}

@incollection{JohnsonEtAl2005,
  title = {Occupancy Distributions},
  booktitle = {Univariate Discrete Distributions},
  author = {Johnson, Norman and Kemp, Adrienne and Kotz, Samuel},
  year = {2005},
  edition = {3},
  publisher = {John Wiley \& Sons, Ltd},
  isbn = {ISBN 0-471-27246-9},
  series = {Wiley Series in Probability and Statistics}
}

@article{Kingman1982a,
  title = {The Coalescent},
  author = {Kingman, J. F. C.},
  year = {1982},
  month = sep,
  volume = {13},
  pages = {235--248},
  issn = {0304-4149},
  doi = {10.1016/0304-4149(82)90011-4},
  journal = {Stochastic Processes and their Applications},
  keywords = {coupling,exchangeability,Genetical models,haploid genealogy,jump chain,Markov process,random equivalent relations},
  language = {en},
  number = {3}
}

@book{Wakeley2009,
  title = {Coalescent Theory - an Introduction},
  author = {Wakeley, John},
  year = {2009},
  publisher = {{W. H. Freeman}},
  address = {{New York}},
  isbn = {978-0-9747077-5-4}
}

@book{Ewens2004,
  title = {Mathematical {{Population Genetics}}: {{I}}. {{Theoretical Introduction}}.},
  shorttitle = {Mathematical {{Population Genetics}}},
  author = {Ewens, W. J.},
  year = {2004},
  edition = {2},
  volume = {27},
  publisher = {{Springer New York}},
  address = {{New York}},
  isbn = {978-0-387-21822-9},
  language = {English},
  note = {OCLC: 958522782},
  series = {Interdisciplinary {{Applied Mathematics}}}
}

@article{fastsimcoal2,
    author = {Excoffier, Laurent AND Dupanloup, Isabelle AND Huerta-Sánchez, Emilia AND Sousa, Vitor C. AND Foll, Matthieu},
    journal = {PLOS Genetics},
    publisher = {Public Library of Science},
    title = {Robust Demographic Inference from Genomic and SNP Data},
    year = {2013},
    month = {10},
    volume = {9},
    url = {https://doi.org/10.1371/journal.pgen.1003905},
    pages = {1-17},
    number = {10},
    doi = {10.1371/journal.pgen.1003905}
}