@ARTICLE{JouganousEtAl2017,
  AUTHOR = {Jouganous, Julien and Long, Will and Ragsdale, Aaron P. and Gravel, Simon},
  LANGUAGE = {en},
  DATE = {2017-07},
  DOI = {10.1534/genetics.117.200493},
  ISSN = {0016-6731, 1943-2631},
  JOURNALTITLE = {Genetics},
  KEYWORDS = {demographic inference,diffusion approximation,joint allele frequency spectrum,moments equations},
  NUMBER = {3},
  PAGES = {1549--1567},
  SHORTTITLE = {Inferring the Joint Demographic History of Multiple Populations},
  TITLE = {Inferring the Joint Demographic History of Multiple Populations: Beyond the Diffusion Approximation},
  VOLUME = {206},
}

@ARTICLE{NelsonEtAl2019,
  AUTHOR = {Nelson, Dominic and Kelleher, Jerome and Ragsdale, Aaron P. and McVean, Gil and Gravel, Simon},
  LANGUAGE = {en},
  DATE = {2019-06},
  DOI = {10.1101/674440},
  JOURNALTITLE = {bioRxiv},
  PAGES = {674440},
  TITLE = {Coupling Wright-Fisher and Coalescent Dynamics for Realistic Simulation of Population-Scale Datasets},
}

@ARTICLE{Gravel:2011bg,
  AUTHOR = {Henn, B M and Gutenkunst, R N and Indap, A R and Marth, G T and Gibbs, R A and Project, The 1000 Genomes and Bustamante, C D and Altshuler, D L and Durbin, R M and Bentley, D R and Collins, F S and De La Vega, F M and Donnelly, P and Egholm, M and Flicek, P and Gabriel, S B and Knoppers, B M and Lander, E S and Mardis, E R and McVean, G A and Nickerson, D A and Peltonen, L and Schafer, A J and Sherry, S T and Wilson, R K and Deiros, D and Metzker, M and Muzny, D and Reid, J and Li, J and Jian, M and Li, G and Li, R and Liang, H and Tian, G and Wang, B and Wang, W and Zhang, X and Ambrogio, L and Bloom, T and Cibulskis, K and Shefler, E and Sougnez, C L and Gormley, N and Humphray, S and Kingsbury, Z and Koko-Gonzales, P and Stone, J and McKernan, K J and Costa, G L and Ichikawa, J K and Lee, C C and Lehrach, H and Borodina, T A and Dahl, A and Davydov, A N and Marquardt, P and Mertes, F and Nietfeld, W and Rosenstiel, P and Schreiber, S and Soldatov, A V and Timmermann, B and Tolzmann, M and Affourtit, J and Ashworth, D and Attiya, S and Bachorski, M and Buglione, E and Burke, A and Caprio, A and Celone, C and Clark, S and Conners, D and Gu, L and Guccione, L and Kao, K and Kebbel, A and Knowlton, J and Labrecque, M and McDade, L and Mealmaker, C and Minderman, M and Nawrocki, A and Niazi, F and Pareja, K and Ramenani, R and Riches, D and Song, W and Turcotte, C and Wang, S and Dooling, D and Fulton, L and Fulton, R and Weinstock, G and Burton, J and Carter, D M and Churcher, C and Coffey, A and Cox, A and Palotie, A and Quail, M and Skelly, T and Stalker, J and Swerdlow, H P and Turner, D and De Witte, A and Giles, S and Wheeler, D and Bainbridge, M and Challis, D and Sabo, A and Yu, F and Yu, J and Wang, J and Fang, X and Guo, X and Luo, R and Tai, S and Wu, H and Zheng, H and Zheng, X and Zhou, Y and Yang, H and Garrison, E P and Huang, W and Indap, A and Kural, D and Lee, W P and Leong, W F and Quinlan, A R and Stewart, C and Stromberg, M P and Ward, A N and Wu, J and Lee, C and Mills, R E and Shi, X and Daly, M J and DePristo, M A and Ball, A D and Banks, E and Browning, B L and Fennell, T J and Garimella, K V and Grossman, S R and Handsaker, R E and Hanna, M and Hartl, C and Jaffe, D B and Kernytsky, A M and Korn, J M and Li, H and Maguire, J R and McCarroll, S A and McKenna, A and Nemesh, J C and Philippakis, A A and Poplin, R E and Price, A and Rivas, M A and Sabeti, P C and Schaffner, S F and Shlyakhter, I A and Cooper, D N and Ball, E V and Mort, M and Phillips, A D and Stenson, P D and Sebat, J and Makarov, V and Yoon, S C and Clark, A G and Boyko, A and Degenhardt, J and Gravel, S and Kaganovich, M and Keinan, A and Lacroute, P and Ma, X and Reynolds, A and Clarke, L and Cunningham, F and Herrero, J and Keenen, S and Kulesha, E and Leinonen, R and McLaren, W M and Radhakrishnan, R and Smith, R E and Zalunin, V and Zheng-Bradley, X and Korbel, J O and Stutz, A M and Bauer, M and Cheetham, R K and Cox, T and Eberle, M and James, T and Kahn, S and Murray, L and Chakravarti, A and Ye, K and Fu, Y and Hyland, F C L and Manning, J M and McLaughlin, S F and Peckham, H E and Sakarya, O and Sun, Y A and Tsung, E F and Batzer, M A and Konkel, M K and Walker, J A and Sudbrak, R and Albrecht, M W and Amstislavskiy, V S and Herwig, R and Parkhomchuk, D V and Agarwala, R and Khouri, H M and Morgulis, A O and Paschall, J E and Phan, L D and Rotmistrovsky, K E and Sanders, R D and Shumway, M F and Xiao, C and Auton, A and Iqbal, Z and Lunter, G and Marchini, J L and Moutsianas, L and Myers, S and Tumian, A and Desany, B and Knight, J and Winer, R and Craig, D W and Beckstrom-Sternberg, S M and Christoforides, A and Kurdoglu, A A and Pearson, J V and Sinari, S A and Tembe, W D and Haussler, D and Hinrichs, A S and Katzman, S J and Kern, A and Kuhn, R M and Przeworski, M and Hernandez, R D and Howie, B and Kelley, J L and Melton, S C and Abecasis, G R and Li, Y and Anderson, P and Blackwell, T and Chen, W and Cookson, W O and Ding, J and Kang, H M and Lathrop, M and Liang, L and Moffatt, M F and Scheet, P and},
  DATE = {2011-07},
  JOURNALTITLE = {Proc Natl Acad Sci USA},
  NUMBER = {29},
  PAGES = {11983--11988},
  TITLE = {{Demographic history and rare allele sharing among human populations}},
  VOLUME = {108},
}

@ARTICLE{Tennessen:2012ck,
  AUTHOR = {Tennessen, J A and Bigham, A W and O'Connor, T D and Fu, W and Kenny, E E and Gravel, S and McGee, S and Do, R and Liu, X and Jun, G and Kang, H M and Jordan, D and Leal, S M and Gabriel, S and Rieder, M J and Abecasis, G and Altshuler, D and Nickerson, D A and Boerwinkle, E and Sunyaev, S and Bustamante, C D and Bamshad, M J and Akey, J M and GO, Broad and GO, Seattle and {on behalf of the NHLBI Exome Sequencing Project}},
  DATE = {2012-07},
  JOURNALTITLE = {Science},
  NUMBER = {6090},
  PAGES = {64--69},
  TITLE = {{Evolution and Functional Impact of Rare Coding Variation from Deep Sequencing of Human Exomes}},
  VOLUME = {337},
}

@ARTICLE{karczewski2020mutational,
  AUTHOR = {Karczewski, Konrad J and Francioli, Laurent C and Tiao, Grace and Cummings, Beryl B and Alf\"{o}ldi, Jessica and Wang, Qingbo and Collins, Ryan L and Laricchia, Kristen M and Ganna, Andrea and Birnbaum, Daniel P and others},
  PUBLISHER = {Nature Publishing Group},
  DATE = {2020},
  JOURNALTITLE = {Nature},
  NUMBER = {7809},
  PAGES = {434--443},
  TITLE = {The mutational constraint spectrum quantified from variation in 141,456 humans},
  VOLUME = {581},
}

@ARTICLE{Kimura:1962um,
  AUTHOR = {Kimura, M},
  DATE = {1962-06},
  JOURNALTITLE = {Genetics},
  NUMBER = {6},
  PAGES = {713--719},
  TITLE = {{On the probability of fixation of mutant genes in a population.}},
  VOLUME = {47},
}

@ARTICLE{ONeill2019,
  AUTHOR = {O'Neill, Ben},
  DATE = {2019-12},
  DOI = {10.1080/00031305.2019.1699445},
  ISSN = {0003-1305},
  JOURNALTITLE = {The American Statistician},
  PAGES = {1--12},
  SHORTTITLE = {The Classical Occupancy Distribution},
  TITLE = {The Classical Occupancy Distribution: Computation and Approximation},
}

@ARTICLE{BhaskarEtAl2014,
  AUTHOR = {Bhaskar, Anand and Clark, Andrew G. and Song, Yun S.},
  LANGUAGE = {en},
  DATE = {2014-02},
  DOI = {10.1073/pnas.1322709111},
  ISSN = {0027-8424, 1091-6490},
  JOURNALTITLE = {Proceedings of the National Academy of Sciences},
  NUMBER = {6},
  PAGES = {2385--2390},
  TITLE = {Distortion of Genealogical Properties When the Sample Is Very Large},
  VOLUME = {111},
}

@ARTICLE{GutenkunstEtAl2009,
  AUTHOR = {Gutenkunst, Ryan N. and Hernandez, Ryan D. and Williamson, Scott H. and Bustamante, Carlos D.},
  LANGUAGE = {en},
  DATE = {2009-10},
  DOI = {10.1371/journal.pgen.1000695},
  ISSN = {1553-7404},
  JOURNALTITLE = {PLOS Genetics},
  KEYWORDS = {Africa,Alleles,Approximation methods,Europe,Genetic polymorphism,Paleogenetics,Population genetics,Simulation and modeling},
  NUMBER = {10},
  PAGES = {e1000695},
  TITLE = {Inferring the Joint Demographic History of Multiple Populations from Multidimensional SNP Frequency Data},
  VOLUME = {5},
}

@ARTICLE{KimuraCrow1964,
  AUTHOR = {Kimura, Motoo and Crow, James F.},
  LANGUAGE = {en},
  DATE = {1964-04},
  ISSN = {0016-6731, 1943-2631},
  JOURNALTITLE = {Genetics},
  NUMBER = {4},
  PAGES = {725--738},
  TITLE = {The Number of Alleles That Can Be Maintained in a Finite Population},
  VOLUME = {49},
}

@ARTICLE{Ewens1972,
  AUTHOR = {Ewens, W. J.},
  DATE = {1972-03},
  DOI = {10.1016/0040-5809(72)90035-4},
  ISSN = {0040-5809},
  JOURNALTITLE = {Theoretical Population Biology},
  NUMBER = {1},
  PAGES = {87--112},
  TITLE = {The Sampling Theory of Selectively Neutral Alleles},
  VOLUME = {3},
}

@ARTICLE{KammEtAl2017,
  AUTHOR = {Kamm, John A. and Terhorst, Jonathan and Song, Yun S.},
  DATE = {2017-01},
  DOI = {10.1080/10618600.2016.1159212},
  ISSN = {1061-8600},
  JOURNALTITLE = {Journal of Computational and Graphical Statistics},
  KEYWORDS = {Coalescent,Demographic inference,Population genetics,Sum--product algorithm},
  NUMBER = {1},
  PAGES = {182--194},
  TITLE = {Efficient Computation of the Joint Sample Frequency Spectra for Multiple Populations},
  VOLUME = {26},
}

@ARTICLE{DonnellyKurtz1999,
  AUTHOR = {Donnelly, Peter and Kurtz, Thomas G.},
  LANGUAGE = {en},
  DATE = {1999-01},
  DOI = {10.1214/aop/1022677258},
  ISSN = {0091-1798, 2168-894X},
  JOURNALTITLE = {The Annals of Probability},
  KEYWORDS = {coalescent,conditioning,Dawson-Watanabe process,exchangeability,Fleming-Viot process,genealogical processes,historical process,measure-valued diffusion,superprocess},
  NUMBER = {1},
  PAGES = {166--205},
  TITLE = {Particle Representations for Measure-Valued Population Models},
  VOLUME = {27},
}

@ARTICLE{DonnellyKurtz1999a,
  AUTHOR = {Donnelly, Peter and Kurtz, Thomas G.},
  PUBLISHER = {The Institute of Mathematical Statistics},
  URL = {https://doi.org/10.1214/aoap/1029962866},
  DATE = {1999-11},
  DOI = {10.1214/aoap/1029962866},
  JOURNALTITLE = {Ann. Appl. Probab.},
  NUMBER = {4},
  PAGES = {1091--1148},
  TITLE = {Genealogical processes for Fleming-Viot models with selection and recombination},
  VOLUME = {9},
}

@ARTICLE{Gravel2016,
  AUTHOR = {Gravel, Simon and {NHLBI GO Exome Sequencing Project}},
  PUBLISHER = {Genetics},
  URL = {https://www.genetics.org/content/197/2/601},
  DATE = {2014},
  DOI = {10.1534/genetics.114.162149},
  EPRINT = {https://www.genetics.org/content/197/2/601.full.pdf},
  ISSN = {0016-6731},
  JOURNALTITLE = {Genetics},
  NUMBER = {2},
  PAGES = {601--610},
  TITLE = {Predicting Discovery Rates of Genomic Features},
  VOLUME = {197},
}

@ARTICLE{Wright1931,
  AUTHOR = {Wright, Sewall},
  DATE = {1931-03},
  ISSN = {0016-6731},
  JOURNALTITLE = {Genetics},
  NUMBER = {2},
  PAGES = {97--159},
  TITLE = {Evolution in Mendelian Populations},
  VOLUME = {16},
}

@ARTICLE{GriffithsMarjoram1996,
  AUTHOR = {Griffiths, R.c. and Marjoram, P.},
  DATE = {1996-01},
  DOI = {10.1089/cmb.1996.3.479},
  JOURNALTITLE = {Journal of Computational Biology},
  NUMBER = {4},
  PAGES = {479--502},
  TITLE = {Ancestral Inference from Samples of DNA Sequences with Recombination},
  VOLUME = {3},
}

@ARTICLE{KroneNeuhauser1997,
  AUTHOR = {Krone, Stephen M and Neuhauser, Claudia},
  DATE = {1997-06},
  DOI = {10.1006/tpbi.1997.1299},
  ISSN = {0040-5809},
  JOURNALTITLE = {Theoretical Population Biology},
  NUMBER = {3},
  PAGES = {210--237},
  TITLE = {Ancestral Processes with Selection},
  VOLUME = {51},
}

@ARTICLE{Krukov2016,
  AUTHOR = {Krukov, Ivan and de Sanctis, Bianca and de Koning, A P Jason},
  URL = {https://doi.org/10.1093/bioinformatics/btw802},
  DATE = {2016-12},
  DOI = {10.1093/bioinformatics/btw802},
  EPRINT = {https://academic.oup.com/bioinformatics/article-pdf/33/9/1416/25151296/btw802.pdf},
  ISSN = {1367-4803},
  JOURNALTITLE = {Bioinformatics},
  NUMBER = {9},
  PAGES = {1416--1417},
  TITLE = {{Wright--Fisher exact solver (WFES): scalable analysis of population genetic models without simulation or diffusion theory}},
  VOLUME = {33},
}

@INCOLLECTION{JohnsonEtAl2005,
  AUTHOR = {Johnson, Norman and Kemp, Adrienne and Kotz, Samuel},
  PUBLISHER = {John Wiley \& Sons, Ltd},
  BOOKTITLE = {Univariate Discrete Distributions},
  DATE = {2005},
  EDITION = {3},
  ISBN = {ISBN 0-471-27246-9},
  SERIES = {Wiley Series in Probability and Statistics},
  TITLE = {Occupancy Distributions},
}

@ARTICLE{Kingman1982a,
  AUTHOR = {Kingman, J. F. C.},
  LANGUAGE = {en},
  DATE = {1982-09},
  DOI = {10.1016/0304-4149(82)90011-4},
  ISSN = {0304-4149},
  JOURNALTITLE = {Stochastic Processes and their Applications},
  KEYWORDS = {coupling,exchangeability,Genetical models,haploid genealogy,jump chain,Markov process,random equivalent relations},
  NUMBER = {3},
  PAGES = {235--248},
  TITLE = {The Coalescent},
  VOLUME = {13},
}

@BOOK{Wakeley2009,
  AUTHOR = {Wakeley, John},
  LOCATION = {New York},
  PUBLISHER = {W. H. Freeman},
  DATE = {2009},
  ISBN = {978-0-9747077-5-4},
  TITLE = {Coalescent Theory - an Introduction},
}

@BOOK{Ewens2004,
  AUTHOR = {Ewens, W. J.},
  LANGUAGE = {English},
  LOCATION = {New York},
  PUBLISHER = {Springer New York},
  DATE = {2004},
  EDITION = {2},
  ISBN = {978-0-387-21822-9},
  NOTE = {OCLC: 958522782},
  SERIES = {Interdisciplinary {{Applied Mathematics}}},
  SHORTTITLE = {Mathematical {{Population Genetics}}},
  TITLE = {Mathematical {{Population Genetics}}: {{I}}. {{Theoretical Introduction}}.},
  VOLUME = {27},
}

@ARTICLE{fastsimcoal2,
  AUTHOR = {Excoffier, Laurent and Dupanloup, Isabelle and Huerta-S\'{a}nchez, Emilia and Sousa, Vitor C. and Foll, Matthieu},
  PUBLISHER = {Public Library of Science},
  URL = {https://doi.org/10.1371/journal.pgen.1003905},
  DATE = {2013-10},
  DOI = {10.1371/journal.pgen.1003905},
  JOURNALTITLE = {PLOS Genetics},
  NUMBER = {10},
  PAGES = {1--17},
  TITLE = {Robust Demographic Inference from Genomic and SNP Data},
  VOLUME = {9},
}

@MISC{Mathematica,
  AUTHOR = {{Wolfram Research, Inc.}},
  URL = {https://www.wolfram.com/mathematica},
  DATE = {2020},
  TITLE = {Mathematica, {V}ersion 12.2},
}

@article{Fu2006,
title = {Exact coalescent for the Wright–Fisher model},
journal = {Theoretical Population Biology},
volume = {69},
number = {4},
pages = {385-394},
year = {2006},
issn = {0040-5809},
doi = {https://doi.org/10.1016/j.tpb.2005.11.005},
url = {https://www.sciencedirect.com/science/article/pii/S0040580905001498},
author = {Yun-Xin Fu},
keywords = {Exact coalescent, Kingman coalescent, Wright–Fisher model},
}

@article{Spence2016,
    author = {Spence, Jeffrey P and Kamm, John A and Song, Yun S},
    title = "{The Site Frequency Spectrum for General Coalescents}",
    journal = {Genetics},
    volume = {202},
    number = {4},
    pages = {1549-1561},
    year = {2016},
    month = {02},
    issn = {1943-2631},
    doi = {10.1534/genetics.115.184101},
    url = {https://doi.org/10.1534/genetics.115.184101},
    eprint = {https://academic.oup.com/genetics/article-pdf/202/4/1549/35552834/genetics1549.pdf},
}
